@inproceedings{bien-etal-2020-recipenlg,
    title = "{R}ecipe{NLG}: A Cooking Recipes Dataset for Semi-Structured Text Generation",
    author = "Bie{\'n}, Micha{\l}  and
      Gilski, Micha{\l}  and
      Maciejewska, Martyna  and
      Taisner, Wojciech  and
      Wisniewski, Dawid  and
      Lawrynowicz, Agnieszka",
    booktitle = "Proceedings of the 13th International Conference on Natural Language Generation",
    month = dec,
    year = "2020",
    address = "Dublin, Ireland",
    publisher = "Association for Computational Linguistics",
    url = "https://www.aclweb.org/anthology/2020.inlg-1.4",
    pages = "22--28",
}

@misc{word2vec,
      title={Efficient Estimation of Word Representations in Vector Space}, 
      author={Tomas Mikolov and Kai Chen and Greg Corrado and Jeffrey Dean},
      year={2013},
      eprint={1301.3781},
      archivePrefix={arXiv},
      primaryClass={cs.CL},
      url={https://arxiv.org/abs/1301.3781}, 
}

@misc{bert,
      title={BERT: Pre-training of Deep Bidirectional Transformers for Language Understanding}, 
      author={Jacob Devlin and Ming-Wei Chang and Kenton Lee and Kristina Toutanova},
      year={2019},
      eprint={1810.04805},
      archivePrefix={arXiv},
      primaryClass={cs.CL},
      url={https://arxiv.org/abs/1810.04805}, 
}